<?xml version="1.0" encoding="UTF-8"?>
<collection xmlns:xsi="http://www.w3.org/2001/XMLSchema-instance" xsi:schemaLocation="http://www.loc.gov/MARC21/slim http://www.loc.gov/standards/marcxml/schema/MARC21slim.xsd" xmlns="http://www.loc.gov/MARC21/slim">
<record>
  <leader>01425cam a2200289M  4500</leader>
  <controlfield tag="001">3080223</controlfield>
  <controlfield tag="003">NNC</controlfield>
  <controlfield tag="005">20130426015941.0</controlfield>
  <controlfield tag="008">900813q19041905ua            000 0 ara d</controlfield>
  <datafield tag="035" ind1=" " ind2=" ">
    <subfield code="a">(OCoLC)ocm43213909</subfield>
  </datafield>
  <datafield tag="035" ind1=" " ind2=" ">
    <subfield code="9">ATQ5315CU</subfield>
  </datafield>
  <datafield tag="035" ind1=" " ind2=" ">
    <subfield code="a">(NNC)3080223</subfield>
  </datafield>
  <datafield tag="040" ind1=" " ind2=" ">
    <subfield code="a">EQO</subfield>
    <subfield code="c">EQO</subfield>
    <subfield code="d">OCL</subfield>
    <subfield code="d">ZCU</subfield>
  </datafield>
  <datafield tag="099" ind1=" " ind2=" ">
    <subfield code="a">893.791</subfield>
    <subfield code="a">Si99</subfield>
  </datafield>
  <datafield tag="100" ind1="1" ind2=" ">
    <subfield code="a">Ījī, ʻAḍud al-Dīn ʻAbd al-Raḥmān ibn Aḥmad,</subfield>
    <subfield code="d">-1355?</subfield>
    <subfield code="t">ʻAḍudīyah.</subfield>
  </datafield>
  <datafield tag="245" ind1="1" ind2="0">
    <subfield code="a">Ḥāshiyatay ʻAbd al-Ḥakim al-Siyālkūtī wa Muḥammad ʻAbduh kilāhumā ʻalá Sharh Muḥammad ibn ʻAsʻad al-Ṣiddiqī al-Dawānī ʻalá al-ʻAqāʻid al-ʻAḍudīyah.</subfield>
  </datafield>
  <datafield tag="246" ind1="1" ind2="0">
    <subfield code="a">ʻAqāʻid al-ʻAḍudīyah</subfield>
  </datafield>
  <datafield tag="250" ind1=" " ind2=" ">
    <subfield code="a">Al-ṭabʻah 1.</subfield>
  </datafield>
  <datafield tag="260" ind1=" " ind2=" ">
    <subfield code="a">al-Qāhirah :</subfield>
    <subfield code="b">al-Maṭbaʻah al-Khayrīyah,</subfield>
    <subfield code="c">1322 [i.e. 1904 or 5]</subfield>
  </datafield>
  <datafield tag="300" ind1=" " ind2=" ">
    <subfield code="a">212 p. ;</subfield>
    <subfield code="c">28 cm.</subfield>
  </datafield>
  <datafield tag="500" ind1=" " ind2=" ">
    <subfield code="a">Includes text of al-Ījī's al-ʻAqāʾid al-ʻAḍudīyah, each clause followed by the commentary on it by al-Dawānī and by Muḥammad ʻAbduh, with Siyālkūtī's super-commentary in the margin.</subfield>
  </datafield>
  <datafield tag="650" ind1=" " ind2="0">
    <subfield code="a">Islam</subfield>
    <subfield code="x">Doctrines</subfield>
    <subfield code="v">Early works to 1800.</subfield>
  </datafield>
  <datafield tag="600" ind1="1" ind2="0">
    <subfield code="a">Ījī, ʻAḍud al-Dīn ʻAbd al-Raḥmān ibn Aḥmad,</subfield>
    <subfield code="d">-1355?</subfield>
    <subfield code="t">ʻAḍudīyah.</subfield>
  </datafield>
  <datafield tag="700" ind1="1" ind2=" ">
    <subfield code="a">Siyālkūtī, ʻAbd al-Ḥakīm ibn Shams al-Dīn,</subfield>
    <subfield code="d">-1656.</subfield>
  </datafield>
  <datafield tag="700" ind1="1" ind2=" ">
    <subfield code="a">Dawwānī, Muḥammad ibn Asʻad,</subfield>
    <subfield code="d">1426 or 1427-1512 or 1513.</subfield>
  </datafield>
  <datafield tag="700" ind1="0" ind2=" ">
    <subfield code="a">Muḥammad ʻAbduh,</subfield>
    <subfield code="d">1849-1905.</subfield>
  </datafield>
  <datafield tag="955" ind1=" " ind2=" ">
    <subfield code="b">CU58896023</subfield>
    <subfield code="d">off,glx</subfield>
    <subfield code="e">893.791 Si99</subfield>
  </datafield>
</record>
</collection>